@electronic{statista:marketshare,
  author        = "Statista",
  title         = "Distribution of mobile network connections in the Netherlands in the fourth quarter of 2018, by operator",
  url           = "https://www.statista.com/statistics/765491/distribution-mobile-network-connections-in-the-netherlands-by-operator/",
  howpublished = "Accessed: Mar. 11, 2020"
}

@techreport{rfc5780,
  AUTHOR = "D. MacDonald and B. Lowekamp",
  TITLE = "{NAT Behavior Discovery Using Session Traversal Utilities for NAT (STUN)}",
  HOWPUBLISHED = {Internet Requests for Comments},
  TYPE="{RFC}",
  NUMBER=5780,
  YEAR = {2010},
  MONTH = {May},
  url={https://tools.ietf.org/html/rfc5780}
}

@techreport{takeda,
  author = "Y. Takeda",
  title = "Symmetric {NAT} Traversal using {STUN}",
  year = 2003,
  month = "June",
  url = "https://tools.ietf.org/id/draft-takeda-symmetric-nat-traversal-00.txt"
}

@inproceedings{multihole,
  title={A New Method for Symmetric {NAT} Traversal in {UDP} and {TCP}},
  author={Yuan Wei and Daisuke Yamada and Suguru Yoshida and Shigeki Goto},
  year={2008}
}
